@inproceedings{AgostinelliBFMM21,
	author    = {Simone Agostinelli and
	Giacomo Bergami and
	Alessio Fiorenza and
	Fabrizio Maria Maggi and
	Andrea Marrella and
	Fabio Patrizi},
	title     = {Discovering Declarative Process Model Behavior from Event Logs via
	Model Learning},
	booktitle = {{ICPM} 2021},
	pages     = {48--55},
	publisher = {{IEEE}},
	year      = {2021}
}

@article{mining,
	author    = {Giacomo Bergami and
	Chiara Di Francescomarino and
	Chiara Ghidini and
	Fabrizio Maria Maggi and
	Joonas Puura},
	title     = {Exploring Business Process Deviance with Sequential and Declarative
	Patterns},
	journal   = {CoRR},
	volume    = {abs/2111.12454},
	year      = {2021}
}

@inproceedings{THoSP,
	author = {Bergami, Giacomo and Petermann, Andr\'{e} and Montesi, Danilo},
	title = {THoSP: An Algorithm for Nesting Property Graphs},
	year = {2018},
	publisher = {ACM},
	articleno = {8},
	numpages = {10},
	series = {GRADES-NDA '18}
}

@inproceedings{bpm21,
	title        = {Aligning Data-Aware Declarative Process Models and Event Logs},
	author       = {Bergami, Giacomo and Maggi, Fabrizio Maria and Marrella, Andrea and Montali, Marco},
	year         = 2021,
	booktitle    = {Business Process Management},
	pages        = {235--251}
}