@inproceedings{bpm21,
	title        = {Aligning Data-Aware Declarative Process Models and Event Logs},
	author       = {Bergami, Giacomo and Maggi, Fabrizio Maria and Marrella, Andrea and Montali, Marco},
	year         = 2021,
	booktitle    = {Business Process Management},
	publisher    = {Springer International Publishing},
	address      = {Cham},
	pages        = {235--251},
	editor       = {Polyvyanyy, Artem and Wynn, Moe Thandar and Van Looy, Amy and Reichert, Manfred}
}
@article{RozinatA08,
	title        = {{Conformance checking of processes based on monitoring real behavior}},
	author       = {Anne Rozinat and Wil M. P. van der Aalst},
	year         = 2008,
	journal      = {Inf. Syst.},
	volume       = 33,
	number       = 1
}
@inproceedings{SchonigRCJM16,
	title        = {Efficient and Customisable Declarative Process Mining with {SQL}},
	author       = {Stefan Sch{\"{o}}nig and Andreas Rogge{-}Solti and Cristina Cabanillas and Stefan Jablonski and Jan Mendling},
	year         = 2016,
	booktitle    = {Advanced Information Systems Engineering - 28th International Conference, CAiSE 2016, Ljubljana, Slovenia, June 13-17, 2016. Proceedings},
	publisher    = {Springer},
	series       = {Lecture Notes in Computer Science},
	volume       = 9694,
	pages        = {290--305},
	editor       = {Selmin Nurcan and Pnina Soffer and Marko Bajec and Johann Eder}
}
@article{Schonig15,
	title        = {{SQL} Queries for Declarative Process Mining on Event Logs of Relational Databases},
	author       = {Stefan Sch{\"{o}}nig},
	year         = 2015,
	journal      = {CoRR},
	volume       = {abs/1512.00196}
}
@article{BurattinMS16,
	title        = {Conformance checking based on multi-perspective declarative process models},
	author       = {Andrea Burattin and Fabrizio Maria Maggi and Alessandro Sperduti},
	year         = 2016,
	journal      = {Expert Syst. Appl.},
	volume       = 65,
	pages        = {194--211}
}


@inproceedings{BellatrecheKB21,
	author    = {Ladjel Bellatreche and
	Mohamed Kechar and
	Safia Nait Bahloul},
	title     = {Bringing Common Subexpression Problem from the Dark to Light: Towards
	Large-Scale Workload Optimizations},
	booktitle = {{IDEAS} 2021: 25th International Database Engineering {\&} Applications
	Symposium, Montreal, QC, Canada, July 14-16, 2021},
	pages     = {27--35},
	publisher = {{ACM}},
	year      = {2021},
	url       = {https://doi.org/10.1145/3472163.3472180},
	doi       = {10.1145/3472163.3472180},
	timestamp = {Thu, 14 Oct 2021 10:41:12 +0200},
	biburl    = {https://dblp.org/rec/conf/ideas/BellatrecheKB21.bib},
	bibsource = {dblp computer science bibliography, https://dblp.org}
}


